
@book{cmsTDR,
      author        = "CMS Collaboration",
      title         = "{CMS Physics: Technical Design Report Volume 1: Detector
                       Performance and Software}",
      publisher     = "CERN",
      collaboration = "CMS Collaboration",
      address       = "Geneva",
      series        = "Technical design report. CMS",
      year          = "2006",
      url           = "https://cds.cern.ch/record/922757",
}

@article{cmsExperiment,
  title={The CMS experiment at the CERN LHC},
  author={Collaboration, CMS and Chatrchyan, S and Hmayakyan, G and Khachatryan, V and Sirunyan, AM and Adam, W and Bauer, T and Bergauer, T and Bergauer, H and Dragicevic, M and others},
  journal={JInst},
  volume={3},
  pages={S08004},
  year={2008}
}


@techreport{trackerTDR,
  title={The CMS tracker system project: Technical Design Report},
  author={Karim{\"a}ki, V},
  year={1997},
  institution={CMS-TDR-005}
}


@techreport{CERN2019AnnualReport,
      author        = "CERN",
      title         = "{CERN Annual report 2019}",
      institution   = "CERN",
      address       = "Geneva",
      year          = "2020",
      url           = "https://cds.cern.ch/record/2723123",
      doi           = "10.17181/AnnualReport2019",
}

@article{cast2004first,
  title={First results from the CERN Axion Solar Telescope (CAST)},
  author={CAST collaboration and others},
  journal={arXiv preprint hep-ex/0411033},
  year={2004}
}

@article{compass2007,
  title={The COMPASS experiment at CERN},
  author={Abbon, Ph and Albrecht, E and Alexakhin, V Yu and Alexandrov, Yu and Alexeev, GD and Alekseev, MG and Amoroso, Antonio and Angerer, H and Anosov, VA and Bade{\l}ek, B and others},
  journal={Nuclear Instruments and Methods in Physics Research Section A: Accelerators, Spectrometers, Detectors and Associated Equipment},
  volume={577},
  number={3},
  pages={455--518},
  year={2007},
  publisher={Elsevier}
}

@article{na61,
  title={NA61/SHINE facility at the CERN SPS: beams and detector system},
  author={Abgrall, N and Andreeva, O and Aduszkiewicz, A and Ali, Yasir and Anticic, T and Antoniou, N and Baatar, B and Bay, F and Blondel, A and Blumer, J and others},
  journal={Journal of Instrumentation},
  volume={9},
  number={06},
  pages={P06005},
  year={2014},
  publisher={IOP Publishing}
}


@article{hvt2014,
  title={Heavy vector triplets: bridging theory and data},
  author={Pappadopulo, Duccio and Thamm, Andrea and Torre, Riccardo and Wulzer, Andrea},
  journal={Journal of High Energy Physics},
  volume={2014},
  number={9},
  pages={60},
  year={2014},
  publisher={Springer}
}

@article{wprime7TeV,
  title={Search for a W'or techni-rho decaying into WZ in pp collisions at sqrt (s)= 7 TeV},
  author={CMS collaboration and others},
  journal={arXiv preprint arXiv:1206.0433},
  year={2012}
}

@article{wprime8TeV,
  title={Search for new resonances decaying via WZ to leptons in proton--proton collisions at s= 8TeV},
  author={Khachatryan, Vardan and Sirunyan, Albert M and Tumasyan, Armen and Adam, Wolfgang and Bergauer, Thomas and Dragicevic, Marko and Er{\"o}, Janos and Fabjan, Christian and Friedl, Markus and Fruehwirth, Rudolf and others},
  journal={Physics Letters B},
  volume={740},
  pages={83--104},
  year={2015},
  publisher={Elsevier}
}

@techreport{phase2tdr,
  title={The phase-2 upgrade of the CMS tracker},
  author={Collaboration, CMS},
  year={2017}
}


@article{particleflow,
  title={The CMS particle flow algorithm},
  author={Beaudette, Florian},
  journal={arXiv preprint arXiv:1401.8155},
  year={2014}
}


@article{higgsPaperCMS,
  title={Observation of a new boson at a mass of 125 GeV with the CMS experiment at the LHC},
  author={Chatrchyan, Serguei and Khachatryan, Vardan and Sirunyan, Albert M and Tumasyan, Armen and Adam, Wolfgang and Aguilo, Ernest and Bergauer, Thomas and Dragicevic, M and Er{\"o}, J and Fabjan, C and others},
  journal={Physics Letters B},
  volume={716},
  number={1},
  pages={30--61},
  year={2012},
  publisher={Elsevier}
}

@article{higgsPaperATLAS,
  title={Observation of a new particle in the search for the Standard Model Higgs boson with the ATLAS detector at the LHC},
  author={Barton, Adam and Borissov, Guennadi and Bouhova-Thacker, Evelina and Chilingarov, Alexandre and Davidson, Ruth and de Mora, Lee and Dearnaley, William and Fox, Harald and Henderson, Robert and Hughes, Gareth and others},
  journal={Physics Letters B},
  volume={716},
  number={1},
  pages={1--29},
  year={2012}
}

@article{schwinger1957,
  title={A theory of the fundamental interactions},
  author={Schwinger, Julian},
  journal={Ann. Phys},
  volume={2},
  number={407},
  pages={34},
  year={1957}
}

@article{weinberg1967,
  title={A model of leptons},
  author={Weinberg, Steven},
  journal={Physical review letters},
  volume={19},
  number={21},
  pages={1264},
  year={1967},
  publisher={APS}
}

@article{cern1974,
  title={Observation of neutrino-like interactions without muon or electron in the Gargamelle neutrino experiment},
  author={Hasert, FJ and Kabe, S and Krenz, W and Von Krogh, J and Lanske, D and Morfin, J and Schultze, K and Weerts, H and Bertrand-Coremans, G and Sacton, Jean and others},
  journal={Nuclear Physics B},
  volume={73},
  number={1},
  pages={1--22},
  year={1974},
  publisher={Elsevier}
}

@article{arnison1983,
  title={Experimental observation of isolated large transverse energy electrons with associated missing energy at s= 540 GeV},
  author={Arnison, G and Astbury, A and Aubert, B and Bacci, C and Bauer, G and B{\'e}zaguet, A and B{\"o}ck, R and Bowcock, TJV and Calvetti, M and Carroll, T and others},
  journal={Physics Letters B},
  volume={122},
  number={1},
  pages={103--116},
  year={1983},
  publisher={Elsevier}
}

@article{banner1983,
  title={Observation of single isolated electrons of high transverse momentum in events with missing transverse energy at the CERN pp collider},
  author={Banner, M and Battiston, R and Bloch, Ph and Bonaudi, F and Borer, K and Borghini, M and Chollet, J-C and Clark, AG and Conta, C and Darriulat, P and others},
  journal={Physics Letters B},
  volume={122},
  number={5-6},
  pages={476--485},
  year={1983},
  publisher={Elsevier}
}


@article{madgraph,
  title={MadGraph 5: going beyond},
  author={Alwall, Johan and Herquet, Michel and Maltoni, Fabio and Mattelaer, Olivier and Stelzer, Tim},
  journal={Journal of High Energy Physics},
  volume={2011},
  number={6},
  pages={128},
  year={2011},
  publisher={Springer}
}

@article{geant4,
  title={GEANT4--a simulation toolkit},
  author={Collaboration, GEANT and Agostinelli, S and others},
  journal={Nucl. Instrum. Meth. A},
  volume={506},
  number={25},
  pages={0},
  year={2003}
}

@inproceedings{dd4hep,
  title={CMS Experience with Adoption of the Community supported DD4hep Toolkit},
  author={Vuosalo, Carl and Banerjee, Sunanda and Frank, Markus and Ivanchenko, Vladimir and Meo, Sergio Lo and Osborne, Ianna and Hernandez, Andres Vargas},
  booktitle={EPJ Web of Conferences},
  volume={245},
  pages={02032},
  year={2020},
  organization={EDP Sciences}
}


@article{pythia,
  title={PYTHIA 8 status report},
  author={Sj{\"o}strand, Torbj{\"o}rn},
  journal={arXiv preprint arXiv:0809.0303},
  year={2008}
}

@article{echl2017,
  title={Production of vector resonances at the LHC via WZ-scattering: a unitarized EChL analysis},
  author={Delgado, RL and Dobado, A and Espriu, D and Garcia-Garcia, C and Herrero, MJ and Marcano, X and Sanz-Cillero, Juan Jos{\'e}},
  journal={Journal of high energy physics},
  volume={2017},
  number={11},
  pages={98},
  year={2017},
  publisher={Springer}
}

@article{littlehiggs2007,
  title={Little Higgs models and their phenomenology},
  author={Perelstein, Maxim},
  journal={Progress in Particle and Nuclear Physics},
  volume={58},
  number={1},
  pages={247--291},
  year={2007},
  publisher={Elsevier}
}

@article{randall1999,
  title={Large mass hierarchy from a small extra dimension},
  author={Randall, Lisa and Sundrum, Raman},
  journal={Physical review letters},
  volume={83},
  number={17},
  pages={3370},
  year={1999},
  publisher={APS}
}

@article{technicolor2007,
  title={Minimal walking technicolor: Setup for collider physics},
  author={Foadi, Roshan and Frandsen, Mads T and Ryttov, Thomas A and Sannino, Francesco},
  journal={Physical Review D},
  volume={76},
  number={5},
  pages={055005},
  year={2007},
  publisher={APS}
}

@article{composite2016,
  title={Direct and indirect signals of natural composite Higgs models},
  author={Niehoff, Christoph and Stangl, Peter and Straub, David M},
  journal={Journal of High Energy Physics},
  volume={2016},
  number={1},
  pages={1--70},
  year={2016},
  publisher={Springer}
}

@article{atlasHVT2015,
  title={Composite heavy vector triplet in the ATLAS diboson excess},
  author={Thamm, Andrea and Torre, Riccardo and Wulzer, Andrea},
  journal={Physical review letters},
  volume={115},
  number={22},
  pages={221802},
  year={2015},
  publisher={APS}
}

@article{tevscale2014,
  title={Search for massive reonance in dijet systems containing jet tagged a W or Z boson decay in pp colliion at $sqrt{s} = 8$ TeV},
  author={Khachatryan, Vardan and Sirunyan, Albert M and Tumasyan, Armen and Adam, Wolfgang and Bergauer, Thomas and Dragicevic, Marko and Er{\"o}, Janos and Fabjan, Christian and Friedl, Markus and Fruehwirth, Rudolf and others},
  journal={Journal of High Energy Physics},
  volume={2014},
  number={8},
  pages={173},
  year={2014},
  publisher={Springer}
}

@article{modelA1980,
  title={Gauge model with light W and Z bosons},
  author={Barger, V and Keung, Wai-Yee and Ma, Ernest},
  journal={Physical Review D},
  volume={22},
  number={3},
  pages={727},
  year={1980},
  publisher={APS}
}

@article{modelB2011,
  title={On the effect of resonances in composite Higgs phenomenology},
  author={Contino, Roberto and Pappadopulo, Duccio and Marzocca, David and Rattazzi, Riccardo},
  journal={Journal of High Energy Physics},
  volume={2011},
  number={10},
  pages={81},
  year={2011},
  publisher={Springer}
}

@article{higgs1964,
  title={Broken symmetries and the masses of gauge bosons},
  author={Higgs, Peter W},
  journal={Physical Review Letters},
  volume={13},
  number={16},
  pages={508},
  year={1964},
  publisher={APS}
}

@techreport{tagandprobe,
      title         = "{Measurement of Tracking Efficiency}",
      institution   = "CERN",
      collaboration = "CMS Collaboration",
      address       = "Geneva",
      number        = "CMS-PAS-TRK-10-002",
      year          = "2010",
      reportNumber  = "CMS-PAS-TRK-10-002",
      url           = "http://cds.cern.ch/record/1279139",
}

@article{wz7tev,
  title={Measurement of the inclusive W and Z production cross sections in pp collisions at $\sqrt{s}=7$ TeV with the CMS experiment},
  author={Chatrchyan, Serguei and Khachatryan, Vardan and Sirunyan, AM and Tumasyan, A and Adam, W and Bergauer, T and Dragicevic, M and Eroe, J and Fabjan, C and Friedl, M and others},
  journal={Journal of High Energy Physics},
  volume={2011},
  number={10},
  pages={132},
  year={2011},
  publisher={Springer}
}

@article{wprimeAtlas,
  title={Search for resonant WZ production in the fully leptonic final state in proton--proton collisions at s= 13TeV with the ATLAS detector},
  author={Aaboud, Morad and Aad, Georges and Abbott, Brad and Abeloos, B and Abhayasinghe, DK and Abidi, SH and AbouZeid, OS and Abraham, NL and Abramowicz, H and Abreu, H and others},
  journal={Physics Letters B},
  volume={787},
  pages={68--88},
  year={2018},
  publisher={Elsevier}
}
